<record><leader>00000cas a22000007a 4500</leader><controlfield tag="001">12383967</controlfield><controlfield tag="008">850814d19091915wiuwr ne      0    0eng d</controlfield><datafield ind1=" " ind2=" " tag="010"><subfield code="a">sn 85040921 </subfield></datafield><datafield ind1=" " ind2=" " tag="040"><subfield code="a">NPV</subfield><subfield code="b">eng</subfield><subfield code="c">NPV</subfield><subfield code="d">OCLCQ</subfield></datafield><datafield ind1=" " ind2=" " tag="042"><subfield code="a">msc</subfield></datafield><datafield ind1=" " ind2=" " tag="045"><subfield code="a">x0x1</subfield></datafield><datafield ind1=" " ind2=" " tag="052"><subfield code="a">4123</subfield><subfield code="b">W7</subfield></datafield><datafield ind1="0" ind2="0" tag="245"><subfield code="a">Wood County times.</subfield></datafield><datafield ind1="1" ind2="3" tag="246"><subfield code="a">Wood County times and the Yellow River pilot</subfield></datafield><datafield ind1=" " ind2=" " tag="260"><subfield code="a">Nekoosa, Wis. :</subfield><subfield code="b">P.O. Winther,</subfield><subfield code="c">1909-1915.</subfield></datafield><datafield ind1=" " ind2=" " tag="300"><subfield code="a">7 v. :</subfield><subfield code="b">ill.</subfield></datafield><datafield ind1=" " ind2=" " tag="310"><subfield code="a">Weekly</subfield></datafield><datafield ind1="0" ind2=" " tag="362"><subfield code="a">Fourteenth year, no. 9 (Jan. 7, 1909)-v. 21, no. 7 (Dec. 30, 1915).</subfield></datafield><datafield ind1=" " ind2=" " tag="500"><subfield code="a">Publisher varies.</subfield></datafield><datafield ind1=" " ind2=" " tag="500"><subfield code="a">Editors: P.O. Winther, Jan. 7, 1909-April 13, 1911; Good &amp; Son, April 20, 1911-April 16, 1914; L.G. Schaar, April 23, 1914-Dec. 30, 1915.</subfield></datafield><datafield ind1=" " ind2=" " tag="525"><subfield code="a">Supplements accompany some issues.</subfield></datafield><datafield ind1=" " ind2=" " tag="530"><subfield code="a">Available on microfilm from The State Historical Society of Wisconsin.</subfield></datafield><datafield ind1=" " ind2=" " tag="752"><subfield code="a">United States</subfield><subfield code="b">Wisconsin</subfield><subfield code="c">Wood</subfield><subfield code="d">Nekoosa.</subfield></datafield><datafield ind1="0" ind2="0" tag="780"><subfield code="t">Wood County times and the Yellow River pilot</subfield><subfield code="w">(DLC)sn 85040920</subfield></datafield><datafield ind1="0" ind2="0" tag="785"><subfield code="t">Nekoosa tribune</subfield><subfield code="w">(DLC)sn 85040922</subfield></datafield><datafield ind1="1" ind2=" " tag="029"><subfield code="a">AU@</subfield><subfield code="b">000025807663</subfield></datafield></record>